<?xml version="1.0" encoding="UTF-8"?><collection xmlns="http://www.loc.gov/MARC21/slim"><record><leader>00562nam--2200193-u-4500</leader><controlfield tag="001">000056799</controlfield><controlfield tag="002">20190912</controlfield><controlfield tag="005">20190912071146</controlfield><controlfield tag="008">190912s1000------------r-----000-0-eng-d</controlfield><datafield ind1=" " ind2=" " tag="040"><subfield code="a">IFIN-HH</subfield></datafield><datafield ind1=" " ind2=" " tag="041"><subfield code="a">eng</subfield></datafield><datafield ind1="1" ind2=" " tag="100"><subfield code="a">Dimitrova, M</subfield></datafield><datafield ind1="1" ind2="0" tag="245"><subfield code="a">Seventeenth International Summer School on Vacuum, Electron and Ion Technologies. VEIT 2011</subfield><subfield code="c">M. Dimitrova; Ch. Ghelev; P.I. Petrov (eds.)</subfield></datafield><datafield ind1=" " ind2=" " tag="260"><subfield code="a">Sofia</subfield><subfield code="c">2011</subfield></datafield><datafield ind1=" " ind2=" " tag="300"><subfield code="a">114 p</subfield></datafield><datafield ind1=" " ind2=" " tag="500"><subfield code="a">Donatie Gheorghe Dinescu</subfield></datafield><datafield ind1="1" ind2=" " tag="700"><subfield code="a">Petrov, P.I</subfield></datafield><datafield ind1=" " ind2=" " tag="852"><subfield code="a">82760</subfield><subfield code="c">061.3</subfield></datafield><datafield ind1=" " ind2=" " tag="CAT"><subfield code="a">SYS</subfield><subfield code="c">20190912</subfield><subfield code="h">071146</subfield></datafield></record></collection>